<?xml version="1.0" encoding="UTF-8"?><record xmlns="http://www.loc.gov/MARC21/slim" xmlns:cinclude="http://apache.org/cocoon/include/1.0" xmlns:zs="http://www.loc.gov/zing/srw/">
  <leader>00594nz  a2200133n  4500</leader>
  <controlfield tag="001">no 98080015 </controlfield>
  <controlfield tag="003">DLC</controlfield>
  <controlfield tag="005">19980421053058.7</controlfield>
  <controlfield tag="008">980420n| acannaab|          |n ana     c</controlfield>
  <datafield tag="010" ind1=" " ind2=" ">
    <subfield code="a">no 98080015 </subfield>
  </datafield>
  <datafield tag="035" ind1=" " ind2=" ">
    <subfield code="a">(OCoLC)oca04709993 </subfield>
  </datafield>
  <datafield tag="040" ind1=" " ind2=" ">
    <subfield code="a">O</subfield>
    <subfield code="c">O</subfield>
  </datafield>
  <datafield tag="110" ind1="2" ind2="0">
    <subfield code="a">Information Systems Center (Cincinnati, Ohio)</subfield>
  </datafield>
  <datafield tag="670" ind1=" " ind2=" ">
    <subfield code="a">General design, 1973:</subfield>
    <subfield code="b">cover (Information Systems Center) p. iv (As of July 1, 1973 the Institute [for Urban Information Systems] [no entries in OCLC] became an independnt non-profit research and development institution known as the Information Systems Center based in Cincinnati)</subfield>
  </datafield>
</record>